%% This BibTeX bibliography file was created using BibDesk.
%% https://bibdesk.sourceforge.io/

%% Created for Keiran Harcombe at 2022-10-18 13:35:36 +0100 


%% Saved with string encoding Unicode (UTF-8) 

@misc{eaglefeather,
	author = {Frank Lloyd Wright},
	date-added = {2022-10-18 13:29:22 +0100},
	date-modified = {2022-10-18 13:31:43 +0100},
	keywords = {Eaglefeather},
	title = {FLW Eaglefeather},
	year = {1922}}

@misc{tekton,
	author = {David Siegel},
	date-added = {2022-10-18 13:24:05 +0100},
	date-modified = {2022-10-18 13:29:17 +0100},
	keywords = {Tekton},
	title = {Tekton},
	url = {https://fonts.adobe.com/fonts/tekton},
	year = {1989}}

@book{architecturalgraphics,
	author = {Frank Ching},
	date-added = {2022-10-18 13:32:06 +0100},
	date-modified = {2022-10-18 13:33:32 +0100},
	edition = {2nd},
	publisher = {Van Nostrand Reinhold Company, Inc.},
	title = {Architectural graphics},
	year = {1985}}